%YAML 1.1
%TAG !u! tag:unity3d.com,2011:
--- !u!1 &3906623417436160026
GameObject:
  m_ObjectHideFlags: 0
  m_CorrespondingSourceObject: {fileID: 0}
  m_PrefabInstance: {fileID: 0}
  m_PrefabAsset: {fileID: 0}
  serializedVersion: 6
  m_Component:
  - component: {fileID: 8479506108575807623}
  - component: {fileID: 535223168205542748}
  m_Layer: 0
  m_Name: KeyListener
  m_TagString: Untagged
  m_Icon: {fileID: 0}
  m_NavMeshLayer: 0
  m_StaticEditorFlags: 0
  m_IsActive: 1
--- !u!4 &8479506108575807623
Transform:
  m_ObjectHideFlags: 0
  m_CorrespondingSourceObject: {fileID: 0}
  m_PrefabInstance: {fileID: 0}
  m_PrefabAsset: {fileID: 0}
  m_GameObject: {fileID: 3906623417436160026}
  m_LocalRotation: {x: -0, y: -0, z: -0, w: 1}
  m_LocalPosition: {x: 0, y: 0, z: 0}
  m_LocalScale: {x: 1, y: 1, z: 1}
  m_Children: []
  m_Father: {fileID: 5643523632449877938}
  m_RootOrder: 0
  m_LocalEulerAnglesHint: {x: 0, y: 0, z: 0}
--- !u!114 &535223168205542748
MonoBehaviour:
  m_ObjectHideFlags: 0
  m_CorrespondingSourceObject: {fileID: 0}
  m_PrefabInstance: {fileID: 0}
  m_PrefabAsset: {fileID: 0}
  m_GameObject: {fileID: 3906623417436160026}
  m_Enabled: 1
  m_EditorHideFlags: 0
  m_Script: {fileID: 11500000, guid: f9d7e077e74dc2849943f2e834ad2571, type: 3}
  m_Name: 
  m_EditorClassIdentifier: 
--- !u!1 &4849894413017196739
GameObject:
  m_ObjectHideFlags: 0
  m_CorrespondingSourceObject: {fileID: 0}
  m_PrefabInstance: {fileID: 0}
  m_PrefabAsset: {fileID: 0}
  serializedVersion: 6
  m_Component:
  - component: {fileID: 1588986261050970255}
  - component: {fileID: 6619773540785836030}
  m_Layer: 0
  m_Name: BulletPoolContainer
  m_TagString: Untagged
  m_Icon: {fileID: 0}
  m_NavMeshLayer: 0
  m_StaticEditorFlags: 0
  m_IsActive: 1
--- !u!4 &1588986261050970255
Transform:
  m_ObjectHideFlags: 0
  m_CorrespondingSourceObject: {fileID: 0}
  m_PrefabInstance: {fileID: 0}
  m_PrefabAsset: {fileID: 0}
  m_GameObject: {fileID: 4849894413017196739}
  m_LocalRotation: {x: 0, y: 0, z: 0, w: 1}
  m_LocalPosition: {x: 0, y: 0, z: 0}
  m_LocalScale: {x: 1, y: 1, z: 1}
  m_Children: []
  m_Father: {fileID: 5643523632449877938}
  m_RootOrder: 7
  m_LocalEulerAnglesHint: {x: 0, y: 0, z: 0}
--- !u!114 &6619773540785836030
MonoBehaviour:
  m_ObjectHideFlags: 0
  m_CorrespondingSourceObject: {fileID: 0}
  m_PrefabInstance: {fileID: 0}
  m_PrefabAsset: {fileID: 0}
  m_GameObject: {fileID: 4849894413017196739}
  m_Enabled: 1
  m_EditorHideFlags: 0
  m_Script: {fileID: 11500000, guid: e6fc76adbe3877146badf63ea6c7ee3b, type: 3}
  m_Name: 
  m_EditorClassIdentifier: 
  bulletPrefab: {fileID: 0}
--- !u!1 &5643523632449877941
GameObject:
  m_ObjectHideFlags: 0
  m_CorrespondingSourceObject: {fileID: 0}
  m_PrefabInstance: {fileID: 0}
  m_PrefabAsset: {fileID: 0}
  serializedVersion: 6
  m_Component:
  - component: {fileID: 5643523632449877938}
  - component: {fileID: 5047601070540087643}
  m_Layer: 0
  m_Name: GameManager
  m_TagString: Untagged
  m_Icon: {fileID: 0}
  m_NavMeshLayer: 0
  m_StaticEditorFlags: 0
  m_IsActive: 1
--- !u!4 &5643523632449877938
Transform:
  m_ObjectHideFlags: 0
  m_CorrespondingSourceObject: {fileID: 0}
  m_PrefabInstance: {fileID: 0}
  m_PrefabAsset: {fileID: 0}
  m_GameObject: {fileID: 5643523632449877941}
  m_LocalRotation: {x: -0, y: -0, z: -0, w: 1}
  m_LocalPosition: {x: 0, y: 0, z: 0}
  m_LocalScale: {x: 1, y: 1, z: 1}
  m_Children:
  - {fileID: 8479506108575807623}
  - {fileID: 3172839473266970672}
  - {fileID: 8809211807320204545}
  - {fileID: 5643523631443710433}
  - {fileID: 7977997331962048813}
  - {fileID: 6225091961265177423}
  - {fileID: 3638371806998506455}
  - {fileID: 1588986261050970255}
  - {fileID: 8245237195415797691}
  m_Father: {fileID: 0}
  m_RootOrder: 0
  m_LocalEulerAnglesHint: {x: 0, y: 0, z: 0}
--- !u!114 &5047601070540087643
MonoBehaviour:
  m_ObjectHideFlags: 0
  m_CorrespondingSourceObject: {fileID: 0}
  m_PrefabInstance: {fileID: 0}
  m_PrefabAsset: {fileID: 0}
  m_GameObject: {fileID: 5643523632449877941}
  m_Enabled: 1
  m_EditorHideFlags: 0
  m_Script: {fileID: 11500000, guid: a39a69f09df039941a12ceeee344786d, type: 3}
  m_Name: 
  m_EditorClassIdentifier: 
  gameController: {fileID: 5263354055161353320}
  gameSceneName: Main
  playerHealthObject: {fileID: 0}
  playerWeaponController: {fileID: 0}
  obstacleLayers:
    serializedVersion: 2
    m_Bits: 1281
  changingObstacleLayers:
    serializedVersion: 2
    m_Bits: 256
  enemyLayers:
    serializedVersion: 2
    m_Bits: 64
  groundY: 0
--- !u!1 &5819347499215134147
GameObject:
  m_ObjectHideFlags: 0
  m_CorrespondingSourceObject: {fileID: 0}
  m_PrefabInstance: {fileID: 0}
  m_PrefabAsset: {fileID: 0}
  serializedVersion: 6
  m_Component:
  - component: {fileID: 6225091961265177423}
  - component: {fileID: 7355796092025972758}
  m_Layer: 0
  m_Name: ObstacleManager
  m_TagString: Untagged
  m_Icon: {fileID: 0}
  m_NavMeshLayer: 0
  m_StaticEditorFlags: 0
  m_IsActive: 1
--- !u!4 &6225091961265177423
Transform:
  m_ObjectHideFlags: 0
  m_CorrespondingSourceObject: {fileID: 0}
  m_PrefabInstance: {fileID: 0}
  m_PrefabAsset: {fileID: 0}
  m_GameObject: {fileID: 5819347499215134147}
  m_LocalRotation: {x: 0, y: 0, z: 0, w: 1}
  m_LocalPosition: {x: 0, y: 0, z: 0}
  m_LocalScale: {x: 1, y: 1, z: 1}
  m_Children: []
  m_Father: {fileID: 5643523632449877938}
  m_RootOrder: 5
  m_LocalEulerAnglesHint: {x: 0, y: 0, z: 0}
--- !u!114 &7355796092025972758
MonoBehaviour:
  m_ObjectHideFlags: 0
  m_CorrespondingSourceObject: {fileID: 0}
  m_PrefabInstance: {fileID: 0}
  m_PrefabAsset: {fileID: 0}
  m_GameObject: {fileID: 5819347499215134147}
  m_Enabled: 1
  m_EditorHideFlags: 0
  m_Script: {fileID: 11500000, guid: 1f0d1793b7f2ea8429a36d0c3d036283, type: 3}
  m_Name: 
  m_EditorClassIdentifier: 
  drawHidingPoints: 1
--- !u!1 &6510173008277901314
GameObject:
  m_ObjectHideFlags: 0
  m_CorrespondingSourceObject: {fileID: 0}
  m_PrefabInstance: {fileID: 0}
  m_PrefabAsset: {fileID: 0}
  serializedVersion: 6
  m_Component:
  - component: {fileID: 3172839473266970672}
  - component: {fileID: 5263354055161353320}
  m_Layer: 0
  m_Name: GameController
  m_TagString: Untagged
  m_Icon: {fileID: 0}
  m_NavMeshLayer: 0
  m_StaticEditorFlags: 0
  m_IsActive: 1
--- !u!4 &3172839473266970672
Transform:
  m_ObjectHideFlags: 0
  m_CorrespondingSourceObject: {fileID: 0}
  m_PrefabInstance: {fileID: 0}
  m_PrefabAsset: {fileID: 0}
  m_GameObject: {fileID: 6510173008277901314}
  m_LocalRotation: {x: -0, y: -0, z: -0, w: 1}
  m_LocalPosition: {x: 0, y: 0, z: 0}
  m_LocalScale: {x: 1, y: 1, z: 1}
  m_Children: []
  m_Father: {fileID: 5643523632449877938}
  m_RootOrder: 1
  m_LocalEulerAnglesHint: {x: 0, y: 0, z: 0}
--- !u!114 &5263354055161353320
MonoBehaviour:
  m_ObjectHideFlags: 0
  m_CorrespondingSourceObject: {fileID: 0}
  m_PrefabInstance: {fileID: 0}
  m_PrefabAsset: {fileID: 0}
  m_GameObject: {fileID: 6510173008277901314}
  m_Enabled: 1
  m_EditorHideFlags: 0
  m_Script: {fileID: 11500000, guid: ea8af9b80599ed24b9ec1e622e121dd2, type: 3}
  m_Name: 
  m_EditorClassIdentifier: 
  screenController: {fileID: 0}
  checkPointController: {fileID: 491327814886548494}
  opacityController: {fileID: 8809211807320204544}
--- !u!1 &6631130720148722727
GameObject:
  m_ObjectHideFlags: 0
  m_CorrespondingSourceObject: {fileID: 0}
  m_PrefabInstance: {fileID: 0}
  m_PrefabAsset: {fileID: 0}
  serializedVersion: 6
  m_Component:
  - component: {fileID: 7977997331962048813}
  - component: {fileID: 3954217875731188450}
  m_Layer: 0
  m_Name: NavMesh Surface
  m_TagString: Untagged
  m_Icon: {fileID: 0}
  m_NavMeshLayer: 0
  m_StaticEditorFlags: 0
  m_IsActive: 1
--- !u!4 &7977997331962048813
Transform:
  m_ObjectHideFlags: 0
  m_CorrespondingSourceObject: {fileID: 0}
  m_PrefabInstance: {fileID: 0}
  m_PrefabAsset: {fileID: 0}
  m_GameObject: {fileID: 6631130720148722727}
  m_LocalRotation: {x: 0, y: 0, z: 0, w: 1}
  m_LocalPosition: {x: 0, y: 0, z: 0}
  m_LocalScale: {x: 1, y: 1, z: 1}
  m_Children: []
  m_Father: {fileID: 5643523632449877938}
  m_RootOrder: 4
  m_LocalEulerAnglesHint: {x: 0, y: 0, z: 0}
--- !u!114 &3954217875731188450
MonoBehaviour:
  m_ObjectHideFlags: 0
  m_CorrespondingSourceObject: {fileID: 0}
  m_PrefabInstance: {fileID: 0}
  m_PrefabAsset: {fileID: 0}
  m_GameObject: {fileID: 6631130720148722727}
  m_Enabled: 1
  m_EditorHideFlags: 0
  m_Script: {fileID: 11500000, guid: 7a5ac11cc976e418e8d13136b07e1f52, type: 3}
  m_Name: 
  m_EditorClassIdentifier: 
  m_AgentTypeID: -1372625422
  m_CollectObjects: 0
  m_Size: {x: 10, y: 10, z: 10}
  m_Center: {x: 0, y: 2, z: 0}
  m_LayerMask:
    serializedVersion: 2
    m_Bits: 1169
  m_UseGeometry: 0
  m_DefaultArea: 0
  m_IgnoreNavMeshAgent: 1
  m_IgnoreNavMeshObstacle: 1
  m_OverrideTileSize: 0
  m_TileSize: 256
  m_OverrideVoxelSize: 0
  m_VoxelSize: 0.16666667
  m_BuildHeightMesh: 0
  m_NavMeshData: {fileID: 23800000, guid: bfea3fe9efe8a674bbe0e3546921bd57, type: 2}
--- !u!1 &8477819863806109958
GameObject:
  m_ObjectHideFlags: 0
  m_CorrespondingSourceObject: {fileID: 0}
  m_PrefabInstance: {fileID: 0}
  m_PrefabAsset: {fileID: 0}
  serializedVersion: 6
  m_Component:
  - component: {fileID: 8245237195415797691}
  - component: {fileID: 491327814886548494}
  m_Layer: 0
  m_Name: CheckPointController
  m_TagString: Untagged
  m_Icon: {fileID: 0}
  m_NavMeshLayer: 0
  m_StaticEditorFlags: 0
  m_IsActive: 1
--- !u!4 &8245237195415797691
Transform:
  m_ObjectHideFlags: 0
  m_CorrespondingSourceObject: {fileID: 0}
  m_PrefabInstance: {fileID: 0}
  m_PrefabAsset: {fileID: 0}
  m_GameObject: {fileID: 8477819863806109958}
  m_LocalRotation: {x: -0, y: -0, z: -0, w: 1}
  m_LocalPosition: {x: 0, y: 0, z: 0}
  m_LocalScale: {x: 1, y: 1, z: 1}
  m_Children: []
  m_Father: {fileID: 5643523632449877938}
  m_RootOrder: 8
  m_LocalEulerAnglesHint: {x: 0, y: 0, z: 0}
--- !u!114 &491327814886548494
MonoBehaviour:
  m_ObjectHideFlags: 0
  m_CorrespondingSourceObject: {fileID: 0}
  m_PrefabInstance: {fileID: 0}
  m_PrefabAsset: {fileID: 0}
  m_GameObject: {fileID: 8477819863806109958}
  m_Enabled: 1
  m_EditorHideFlags: 0
  m_Script: {fileID: 11500000, guid: a1792c38f6622d8459a6dcfb7f25f552, type: 3}
  m_Name: 
  m_EditorClassIdentifier: 
  checkPointAreaLayers:
    serializedVersion: 2
    m_Bits: 2048
  debugDraw: 1
--- !u!1 &8936842190244259410
GameObject:
  m_ObjectHideFlags: 0
  m_CorrespondingSourceObject: {fileID: 0}
  m_PrefabInstance: {fileID: 0}
  m_PrefabAsset: {fileID: 0}
  serializedVersion: 6
  m_Component:
  - component: {fileID: 3638371806998506455}
  - component: {fileID: 7637207250478990918}
  m_Layer: 0
  m_Name: EnemyManager
  m_TagString: Untagged
  m_Icon: {fileID: 0}
  m_NavMeshLayer: 0
  m_StaticEditorFlags: 0
  m_IsActive: 1
--- !u!4 &3638371806998506455
Transform:
  m_ObjectHideFlags: 0
  m_CorrespondingSourceObject: {fileID: 0}
  m_PrefabInstance: {fileID: 0}
  m_PrefabAsset: {fileID: 0}
  m_GameObject: {fileID: 8936842190244259410}
  m_LocalRotation: {x: 0, y: 0, z: 0, w: 1}
  m_LocalPosition: {x: 0, y: 0, z: 0}
  m_LocalScale: {x: 1, y: 1, z: 1}
  m_Children: []
  m_Father: {fileID: 5643523632449877938}
  m_RootOrder: 6
  m_LocalEulerAnglesHint: {x: 0, y: 0, z: 0}
--- !u!114 &7637207250478990918
MonoBehaviour:
  m_ObjectHideFlags: 0
  m_CorrespondingSourceObject: {fileID: 0}
  m_PrefabInstance: {fileID: 0}
  m_PrefabAsset: {fileID: 0}
  m_GameObject: {fileID: 8936842190244259410}
  m_Enabled: 1
  m_EditorHideFlags: 0
  m_Script: {fileID: 11500000, guid: 676c6d5bff1aeb0428c3687e3189e2e6, type: 3}
  m_Name: 
  m_EditorClassIdentifier: 
--- !u!1001 &5643523631644315405
PrefabInstance:
  m_ObjectHideFlags: 0
  serializedVersion: 2
  m_Modification:
    m_TransformParent: {fileID: 5643523632449877938}
    m_Modifications:
    - target: {fileID: 3751860918532827660, guid: 243e19925c5c6c14cb159eb4becc5539, type: 3}
      propertyPath: m_RootOrder
      value: 2
      objectReference: {fileID: 0}
    - target: {fileID: 3751860918532827660, guid: 243e19925c5c6c14cb159eb4becc5539, type: 3}
      propertyPath: m_LocalPosition.x
      value: 1.5
      objectReference: {fileID: 0}
    - target: {fileID: 3751860918532827660, guid: 243e19925c5c6c14cb159eb4becc5539, type: 3}
      propertyPath: m_LocalPosition.y
      value: 0
      objectReference: {fileID: 0}
    - target: {fileID: 3751860918532827660, guid: 243e19925c5c6c14cb159eb4becc5539, type: 3}
      propertyPath: m_LocalPosition.z
      value: 11.9
      objectReference: {fileID: 0}
    - target: {fileID: 3751860918532827660, guid: 243e19925c5c6c14cb159eb4becc5539, type: 3}
      propertyPath: m_LocalRotation.w
      value: 1
      objectReference: {fileID: 0}
    - target: {fileID: 3751860918532827660, guid: 243e19925c5c6c14cb159eb4becc5539, type: 3}
      propertyPath: m_LocalRotation.x
      value: -0
      objectReference: {fileID: 0}
    - target: {fileID: 3751860918532827660, guid: 243e19925c5c6c14cb159eb4becc5539, type: 3}
      propertyPath: m_LocalRotation.y
      value: -0
      objectReference: {fileID: 0}
    - target: {fileID: 3751860918532827660, guid: 243e19925c5c6c14cb159eb4becc5539, type: 3}
      propertyPath: m_LocalRotation.z
      value: -0
      objectReference: {fileID: 0}
    - target: {fileID: 3751860918532827660, guid: 243e19925c5c6c14cb159eb4becc5539, type: 3}
      propertyPath: m_LocalEulerAnglesHint.x
      value: 0
      objectReference: {fileID: 0}
    - target: {fileID: 3751860918532827660, guid: 243e19925c5c6c14cb159eb4becc5539, type: 3}
      propertyPath: m_LocalEulerAnglesHint.y
      value: 0
      objectReference: {fileID: 0}
    - target: {fileID: 3751860918532827660, guid: 243e19925c5c6c14cb159eb4becc5539, type: 3}
      propertyPath: m_LocalEulerAnglesHint.z
      value: 0
      objectReference: {fileID: 0}
    - target: {fileID: 3751860918532827661, guid: 243e19925c5c6c14cb159eb4becc5539, type: 3}
      propertyPath: m_Enabled
      value: 1
      objectReference: {fileID: 0}
    - target: {fileID: 3751860918532827661, guid: 243e19925c5c6c14cb159eb4becc5539, type: 3}
      propertyPath: changeInitiator
      value: 
      objectReference: {fileID: 0}
    - target: {fileID: 3751860918532827661, guid: 243e19925c5c6c14cb159eb4becc5539, type: 3}
      propertyPath: opacityChangeSpeed
      value: 45
      objectReference: {fileID: 0}
    - target: {fileID: 3751860918532827661, guid: 243e19925c5c6c14cb159eb4becc5539, type: 3}
      propertyPath: opacityChangeInitiator
      value: 
      objectReference: {fileID: 0}
    - target: {fileID: 3751860918532827661, guid: 243e19925c5c6c14cb159eb4becc5539, type: 3}
      propertyPath: opacityValueForFullFadeIn
      value: 99
      objectReference: {fileID: 0}
    - target: {fileID: 3751860918532827661, guid: 243e19925c5c6c14cb159eb4becc5539, type: 3}
      propertyPath: opacityValueForFullFadeOut
      value: 1
      objectReference: {fileID: 0}
    - target: {fileID: 3751860918532827662, guid: 243e19925c5c6c14cb159eb4becc5539, type: 3}
      propertyPath: m_Name
      value: OpacityController
      objectReference: {fileID: 0}
    m_RemovedComponents: []
  m_SourcePrefab: {fileID: 100100000, guid: 243e19925c5c6c14cb159eb4becc5539, type: 3}
--- !u!4 &8809211807320204545 stripped
Transform:
  m_CorrespondingSourceObject: {fileID: 3751860918532827660, guid: 243e19925c5c6c14cb159eb4becc5539, type: 3}
  m_PrefabInstance: {fileID: 5643523631644315405}
  m_PrefabAsset: {fileID: 0}
--- !u!114 &8809211807320204544 stripped
MonoBehaviour:
  m_CorrespondingSourceObject: {fileID: 3751860918532827661, guid: 243e19925c5c6c14cb159eb4becc5539, type: 3}
  m_PrefabInstance: {fileID: 5643523631644315405}
  m_PrefabAsset: {fileID: 0}
  m_GameObject: {fileID: 0}
  m_Enabled: 1
  m_EditorHideFlags: 0
  m_Script: {fileID: 11500000, guid: 5c0998b33105e5e4ba6167ca9354f845, type: 3}
  m_Name: 
  m_EditorClassIdentifier: 
--- !u!1001 &8832165061403589586
PrefabInstance:
  m_ObjectHideFlags: 0
  serializedVersion: 2
  m_Modification:
    m_TransformParent: {fileID: 5643523632449877938}
    m_Modifications:
    - target: {fileID: 3802152455822256690, guid: 0c9fdf6a1ac2d5545a57ab9f491618ef, type: 3}
      propertyPath: m_Name
      value: FOV
      objectReference: {fileID: 0}
    - target: {fileID: 3802152455822256691, guid: 0c9fdf6a1ac2d5545a57ab9f491618ef, type: 3}
      propertyPath: m_RootOrder
      value: 3
      objectReference: {fileID: 0}
    - target: {fileID: 3802152455822256691, guid: 0c9fdf6a1ac2d5545a57ab9f491618ef, type: 3}
      propertyPath: m_LocalPosition.x
      value: 0
      objectReference: {fileID: 0}
    - target: {fileID: 3802152455822256691, guid: 0c9fdf6a1ac2d5545a57ab9f491618ef, type: 3}
      propertyPath: m_LocalPosition.y
      value: 0
      objectReference: {fileID: 0}
    - target: {fileID: 3802152455822256691, guid: 0c9fdf6a1ac2d5545a57ab9f491618ef, type: 3}
      propertyPath: m_LocalPosition.z
      value: 0
      objectReference: {fileID: 0}
    - target: {fileID: 3802152455822256691, guid: 0c9fdf6a1ac2d5545a57ab9f491618ef, type: 3}
      propertyPath: m_LocalRotation.w
      value: 1
      objectReference: {fileID: 0}
    - target: {fileID: 3802152455822256691, guid: 0c9fdf6a1ac2d5545a57ab9f491618ef, type: 3}
      propertyPath: m_LocalRotation.x
      value: 0
      objectReference: {fileID: 0}
    - target: {fileID: 3802152455822256691, guid: 0c9fdf6a1ac2d5545a57ab9f491618ef, type: 3}
      propertyPath: m_LocalRotation.y
      value: 0
      objectReference: {fileID: 0}
    - target: {fileID: 3802152455822256691, guid: 0c9fdf6a1ac2d5545a57ab9f491618ef, type: 3}
      propertyPath: m_LocalRotation.z
      value: 0
      objectReference: {fileID: 0}
    - target: {fileID: 3802152455822256691, guid: 0c9fdf6a1ac2d5545a57ab9f491618ef, type: 3}
      propertyPath: m_LocalEulerAnglesHint.x
      value: 0
      objectReference: {fileID: 0}
    - target: {fileID: 3802152455822256691, guid: 0c9fdf6a1ac2d5545a57ab9f491618ef, type: 3}
      propertyPath: m_LocalEulerAnglesHint.y
      value: 0
      objectReference: {fileID: 0}
    - target: {fileID: 3802152455822256691, guid: 0c9fdf6a1ac2d5545a57ab9f491618ef, type: 3}
      propertyPath: m_LocalEulerAnglesHint.z
      value: 0
      objectReference: {fileID: 0}
    m_RemovedComponents: []
  m_SourcePrefab: {fileID: 100100000, guid: 0c9fdf6a1ac2d5545a57ab9f491618ef, type: 3}
--- !u!4 &5643523631443710433 stripped
Transform:
  m_CorrespondingSourceObject: {fileID: 3802152455822256691, guid: 0c9fdf6a1ac2d5545a57ab9f491618ef, type: 3}
  m_PrefabInstance: {fileID: 8832165061403589586}
  m_PrefabAsset: {fileID: 0}
